% example of few bib entries

@article{Dai2014,
   author = {Dai, Z. and Wu, Z. and Jia, S. and Wu, G.},
   title = {Analysis of amino acid composition in proteins of animal tissues and foods as pre-column o-phthaldialdehyde derivatives by HPLC with fluorescence detection},
   journal = {J. Chromatogr. B},
   volume = {964},
   pages = {116-27},
   DOI = {10.1016/j.jchromb.2014.03.025},
   url = {http://www.ncbi.nlm.nih.gov/pubmed/24731621},
   year = {2014},
   type = {Journal Article}
}

@article{McKenzie2002,
   author = {McKenzie, J. A. M. and Watson, C. J. and Rostand, R. D. and German, I. and Witowski, S. R. and Kennedy, R. T.},
   title = {Automated capillary liquid chromatography for simultaneous determination of neuroactive amines and amino acids},
   journal = {J. Chromatogr. A},
   volume = {962},
   number = {1-2},
   pages = {105-115},
   DOI = {10.1016/S0021-9673(02)00533-2},
   url = {http://www.scopus.com/inward/record.url?eid=2-s2.0-0037067375&partnerID=40&md5=4b2d91522df55663d1b4ce4970fd466c},
   year = {2002},
   type = {Journal Article}
}

@article{Peace2005,
   author = {Peace, R. W. and Gilani, G. S.},
   title = {Chromatographic Determination of Amino Acids in Foods},
   journal = {J. AOAC Int.},
   volume = {88},
   number = {3},
   pages = {877-887},
   year = {2005},
   type = {Journal Article}
}

@Book{Bard,
author = {Allen J. Bard and Larry R. Faulkner},
title = {Electrochemical Methods: Fundamentals and Applications},
chapter = {6.5},
publisher = {John Wiley \& Sons, Inc.},
year = 2001
}

@Article{Mairanovskii1976,
  Title                    = {Electrochemical reduction of benzaldehydes to benzyl alcohol at a mercury cathode},
  Author                   = {Mairanovskii, S. G. and Rubinskaya, T. Ya. and Gul'tyai, V. P. and Proskurovskaya, I. V.},
  Journal                  = {Bull. Acad. Sci. USSR, Div. Chem. Sci. (Engl. Transl.)},
  Year                     = {1976},
  Number                   = {10},
  Pages                    = {2203-2205},
  Volume                   = {25},

  Type                     = {Journal Article}
}

@inbook{McMurry,
   author = {McMurry, J.},
   booktitle = {Organic Chemistry (in Czech Organick√° chemie)},
   address = {Brno},
   chapter = {26},
   year = {2007},
   type = {Book Section}
}